<record><leader>00000cas a2200000 a 4500</leader><controlfield tag="001">9741739</controlfield><controlfield tag="008">830726d18181825vtuwr ne      0   a0eng c</controlfield><datafield ind1=" " ind2=" " tag="010"><subfield code="a">sn 83025686 </subfield></datafield><datafield ind1=" " ind2=" " tag="040"><subfield code="a">NPV</subfield><subfield code="b">eng</subfield><subfield code="c">NPV</subfield><subfield code="d">NPX</subfield><subfield code="d">DLC</subfield><subfield code="d">NVH</subfield><subfield code="d">CNW</subfield><subfield code="d">GUA</subfield><subfield code="d">NVN</subfield><subfield code="d">OCL</subfield><subfield code="d">NVN</subfield><subfield code="d">DLC</subfield><subfield code="d">OCLCQ</subfield><subfield code="d">OCLCA</subfield><subfield code="d">OCLCF</subfield><subfield code="d">CUS</subfield><subfield code="d">IUL</subfield><subfield code="d">OCL</subfield></datafield><datafield ind1=" " ind2=" " tag="042"><subfield code="a">pcc</subfield></datafield><datafield ind1=" " ind2=" " tag="043"><subfield code="a">n-us-vt</subfield></datafield><datafield ind1=" " ind2=" " tag="045"><subfield code="a">w1w2</subfield></datafield><datafield ind1="0" ind2="0" tag="050"><subfield code="a">Newspaper</subfield></datafield><datafield ind1="1" ind2="4" tag="050"><subfield code="a">AN</subfield></datafield><datafield ind1=" " ind2=" " tag="052"><subfield code="a">3753</subfield><subfield code="b">W5</subfield></datafield><datafield ind1="0" ind2="0" tag="245"><subfield code="a">Vermont Republican and American yeoman.</subfield></datafield><datafield ind1="1" ind2="3" tag="246"><subfield code="a">Republican &amp; yeoman</subfield></datafield><datafield ind1="1" ind2="3" tag="246"><subfield code="a">Vermont Republican &amp; American yeoman</subfield></datafield><datafield ind1=" " ind2=" " tag="260"><subfield code="a">Windsor, Vt. :</subfield><subfield code="b">Ide &amp; Aldrich,</subfield><subfield code="c">1818-1825.</subfield></datafield><datafield ind1=" " ind2=" " tag="300"><subfield code="a">8 volumes</subfield></datafield><datafield ind1=" " ind2=" " tag="310"><subfield code="a">Weekly</subfield></datafield><datafield ind1="0" ind2=" " tag="362"><subfield code="a">Vol. 10, no. 9 (Feb. 16, 1818)-v. 18, no. 3 (Dec. 26, 1825).</subfield></datafield><datafield ind1=" " ind2=" " tag="500"><subfield code="a">Publisher: S. Ide &lt;Apr. l6, 1821&gt;-Dec. 26, 1825&gt;.</subfield></datafield><datafield ind1=" " ind2=" " tag="580"><subfield code="a">Formed by the union of: American yeoman; and: Vermont republican (Windsor, Vt.).</subfield></datafield><datafield ind1=" " ind2="0" tag="651"><subfield code="a">Windsor (Vt.)</subfield><subfield code="v">Newspapers.</subfield></datafield><datafield ind1=" " ind2="0" tag="651"><subfield code="a">Windsor County (Vt.)</subfield><subfield code="v">Newspapers.</subfield></datafield><datafield ind1=" " ind2="0" tag="651"><subfield code="a">Vermont</subfield><subfield code="v">Newspapers.</subfield></datafield><datafield ind1=" " ind2="7" tag="651"><subfield code="a">Vermont</subfield><subfield code="z">Windsor County.</subfield><subfield code="2">fast</subfield><subfield code="0">(OCoLC)fst01215300</subfield></datafield><datafield ind1=" " ind2="7" tag="651"><subfield code="a">Vermont.</subfield><subfield code="2">fast</subfield><subfield code="0">(OCoLC)fst01204305</subfield></datafield><datafield ind1=" " ind2="7" tag="651"><subfield code="a">Vermont</subfield><subfield code="z">Windsor.</subfield><subfield code="2">fast</subfield><subfield code="0">(OCoLC)fst01214456</subfield></datafield><datafield ind1=" " ind2="7" tag="655"><subfield code="a">Newspapers.</subfield><subfield code="2">fast</subfield><subfield code="0">(OCoLC)fst01423814</subfield></datafield><datafield ind1=" " ind2=" " tag="752"><subfield code="a">United States</subfield><subfield code="b">Vermont</subfield><subfield code="c">Windsor</subfield><subfield code="d">Windsor.</subfield></datafield><datafield ind1="1" ind2="4" tag="780"><subfield code="t">American yeoman</subfield><subfield code="w">(DLC)sn 84022158</subfield><subfield code="w">(OCoLC)10304880</subfield></datafield><datafield ind1="1" ind2="4" tag="780"><subfield code="t">Vermont Republican (Windsor, Vt.)</subfield><subfield code="w">(DLC)sn 84022159</subfield><subfield code="w">(OCoLC)10308169</subfield></datafield><datafield ind1="0" ind2="0" tag="785"><subfield code="t">Vermont Republican &amp; American yeoman. Windham, Windsor &amp; Orange County advertiser</subfield><subfield code="w">(DLC)sn 99067930</subfield><subfield code="w">(OCoLC)42263539</subfield></datafield><datafield ind1="4" ind2="1" tag="856"><subfield code="3">02/16/1818 to 12/25/1820</subfield><subfield code="u">http://infoweb.newsbank.com/?db=EANX&amp;s_browseRef=decades/1101129A2BDB4798/all.xml</subfield></datafield><datafield ind1="1" ind2=" " tag="029"><subfield code="a">AU@</subfield><subfield code="b">000025816668</subfield></datafield></record>